@article{kintisch2007improved,
  title={Improved monitoring of rainforests helps pierce haze of deforestation},
  author={Kintisch, Eli},
  journal={Science},
  volume={316},
  number={5824},
  pages={536--537},
  year={2007},
  publisher={American Association for the Advancement of Science}
}

@article{maurano2019padroes,
  title={Padr{\~o}es espaciais de desmatamento e a estimativa da exatid{\~a}o dos mapas do PRODES para Amaz{\^o}nia Legal Brasileira},
  author={Maurano, Luis Eduardo Pinheiro and Escada, Maria Isabel Sobral and Renno, Camilo Daleles},
  journal={Ci{\^e}ncia Florestal},
  volume={29},
  number={4},
  pages={1763--1775},
  year={2019},
  publisher={SciELO Brasil}
}

@incollection{NIPS1989_195,
title = {Training Stochastic Model Recognition Algorithms as Networks can Lead to Maximum Mutual Information Estimation of Parameters},
author = {John S. Bridle},
booktitle = {Advances in Neural Information Processing Systems 2},
editor = {D. S. Touretzky},
pages = {211--217},
year = {1990},
publisher = {Morgan-Kaufmann},
}

@article{kingma2014adam,
  title={Adam: A method for stochastic optimization},
  author={Kingma, Diederik P and Ba, Jimmy},
  journal={arXiv preprint arXiv:1412.6980},
  year={2014}
}

@book{guidorizzi2000curso,
  title={Um curso de C{\'a}lculo, vol. 2 .},
  author={Guidorizzi, Hamilton Luiz},
  year={2000},
  publisher={Grupo Gen-LTC}
}

@article{shimabukuro2012brazilian,
  title={The Brazilian Amazon monitoring program: PRODES and DETER projects},
  author={Shimabukuro, Yosio Edemir and dos Santos, Jo{\~a}o Roberto and Formaggio, Antonio Roberto and Duarte, Valdete and Rudorff, Bernardo Friedrich Theodor},
  journal={Global forest monitoring from earth observation},
  pages={354},
  year={2012},
  publisher={CRC Press New York}
}

@misc{chollet2015keras,
  title={Keras},
  author={Chollet, Fran\c{c}ois and others},
  year={2015},
  publisher={GitHub},
  howpublished={\url{https://github.com/fchollet/keras}},
}

@misc{nvidia_cuda,
  title={CUDA Toolkit Documentation v11.0.3},
  author={Nvidia},
  year={2015},
  publisher={Nvidia Corporation},
  howpublished={\url{https://docs.nvidia.com/cuda/}},
}

@misc{KOJAGITHUBCAP375,
  title={{CAP} 375 {G}it{H}ub Repository by {R}ian {K}oja},
  author={Koja, Rian},
  year={2020},
  publisher={GitHub},
  howpublished={\url{https://github.com/RianKoja/CAP_375}},
}

@article{scikit-learn,
 title={Scikit-learn: Machine Learning in {P}ython},
 author={Pedregosa, F. and Varoquaux, G. and Gramfort, A. and Michel, V.
         and Thirion, B. and Grisel, O. and Blondel, M. and Prettenhofer, P.
         and Weiss, R. and Dubourg, V. and Vanderplas, J. and Passos, A. and
         Cournapeau, D. and Brucher, M. and Perrot, M. and Duchesnay, E.},
 journal={Journal of Machine Learning Research},
 volume={12},
 pages={2825--2830},
 year={2011}
}

@book{hastie2009elements,
  title={The elements of statistical learning: data mining, inference, and prediction},
  author={Hastie, Trevor and Tibshirani, Robert and Friedman, Jerome},
  year={2009},
  publisher={Springer Science \& Business Media}
}

@article{belkin2019reconciling,
  title={Reconciling modern machine-learning practice and the classical bias--variance trade-off},
  author={Belkin, Mikhail and Hsu, Daniel and Ma, Siyuan and Mandal, Soumik},
  journal={Proceedings of the National Academy of Sciences},
  volume={116},
  number={32},
  pages={15849--15854},
  year={2019},
  publisher={National Acad Sciences}
}


@article{ortega1968newton,
	title={The {N}ewton-{K}antorovich Theorem},
	author={Ortega, James M},
	journal={The American Mathematical Monthly},
	volume={75},
	number={6},
	pages={658--660},
	year={1968},
	publisher={JSTOR}
}

@article{haykin2010neural,
	title={Neural networks: a comprehensive foundation. 1999},
	author={Haykin, Simon},
	journal={Mc Millan, New Jersey},
	pages={1--24},
	year={2010}
}

@book{carnahan1969applied,
	title={Applied Numerical Methods, John Willey \& Sons},
	author={Carnahan, Brice and Luther, HA and Wilkes, James O},
	journal={Inc., New York},
	year={1969}
}

@book{press1988numerical,
	title={Numerical recipes in C},
	author={Press, William H and Teukolsky, Saul A and Vetterling, William T and Flannery, Brian P},
	year={1988},
	publisher={Cambridge university press Cambridge}
}